@book{AmbrusPal,
  author          = {PÃ¡l, Ambrus},
  title           = {MATH60042/70042: Algebraic Number Theory},
  series          = {Lecture Notes},
  publisher       = {Imperial College London},
  month           = {Spring},
  year            = {2023}
}

@book{MatteoTamiozzo,
  author          = {Tamiozzo, Matteo},
  title           = {Algebraic Number Theory},
  publisher       = {Imperial College London},
  series          = {Lecture Notes},
}

@book{GeorgeBoxer,
  author          = {Boxer, George},
  title           = {MATH60042/70042: Algebraic Number Theory},
  series          = {Lecture Notes},
  publisher       = {Imperial College London},
  month           = {Spring},
  year            = {2024}
}

@book{GroupsAndRings,
  author          = {Skorobogatov, Alexei},
  title           = {MATH50005: Groups and Rings},
  series          = {Lecture Notes},
  publisher       = {Imperial College London},
  month           = {Autumn},
  year            = {2022}
}